<?xml version="1.0" encoding="UTF-8"?><record xmlns="http://www.loc.gov/MARC21/slim" xmlns:cinclude="http://apache.org/cocoon/include/1.0" xmlns:zs="http://www.loc.gov/zing/srw/">
  <leader>00360cz  a2200121n  4500</leader>
  <controlfield tag="001">n  88245636 </controlfield>
  <controlfield tag="003">DLC</controlfield>
  <controlfield tag="005">19890307055513.7</controlfield>
  <controlfield tag="008">890127n| acannaab|          |n aaa |||  </controlfield>
  <datafield tag="010" ind1=" " ind2=" ">
    <subfield code="a">n  88245636 </subfield>
  </datafield>
  <datafield tag="040" ind1=" " ind2=" ">
    <subfield code="a">DLC</subfield>
    <subfield code="c">DLC</subfield>
  </datafield>
  <datafield tag="100" ind1="1" ind2="0">
    <subfield code="a">Myers, James R.,</subfield>
    <subfield code="d">1930-</subfield>
  </datafield>
  <datafield tag="670" ind1=" " ind2=" ">
    <subfield code="a">His Getting skilled, getting ahead, c1989:</subfield>
    <subfield code="b">CIP t.p. (James R. Myers, Ph.D.) data sheet (b. 8/26/30)</subfield>
  </datafield>
</record>